@article{Haddox_2023, 
    title={Jointly modeling deep mutational scans identifies shifted mutational effects among SARS-CoV-2 spike homologs},
    note={\url{http://dx.doi.org/10.1101/2023.07.31.551037}},
    DOI={10.1101/2023.07.31.551037},
    publisher={Cold Spring Harbor Laboratory},
    author={Haddox, Hugh K. and Galloway, Jared G. and Dadonaite, Bernadeta and Bloom, Jesse D. and Matsen, Frederick A. and DeWitt, William S.},
    year={2023},
    month=aug,
    journal={Under Review}
},
@article{Galloway_2023, 
    title={phippery: a software suite for PhIP-Seq data analysis},
    volume={39},
    ISSN={1367-4811},
    note={\url{http://dx.doi.org/10.1093/bioinformatics/btad583}},
    DOI={10.1093/bioinformatics/btad583},
    number={10},
    journal={Bioinformatics},
    publisher={Oxford University Press (OUP)},
    author={Galloway, Jared G and Sung, Kevin and Minot, Samuel S and Garrett, Meghan E and Stoddard, Caitlin I and Willcox, Alexandra C and Yaffe, Zak A and Yucha, Ryan and Overbaugh, Julie and Matsen, Frederick A},
    editor={Alkan, Can},
    year={2023},
    month=sep 
}
@article{Garrett_2022,	
    doi = {10.7554/elife.3490},
	note = {\url{https://doi.org/10.7554%2Felife.73490}},
	year = 2022,	
    month = {jan},
	publisher = {eLife},
	volume = {11},
	author = {Meghan E Garrett and Jared G Galloway and Caitlin Wolf and Jennifer K Logue and Nicholas Franko and Helen Y Chu and Frederick A Matsen and Julie M Overbaugh},
	title = {Comprehensive characterization of the antibody responses to {SARS}-{CoV}-2 Spike protein finds additional vaccine-induced epitopes beyond those for mild infection},
	journal = {eLife}
},
@article{Stoddard_2021,	
    doi = {10.1016/j.celrep.2021.109164},
	note = {\url{https://doi.org/10.1016%2Fj.celrep.2021.109164}},
	year = 2021,	
    month = {may},
	publisher = {Elsevier {BV}},
	volume = {35},
	number = {8},
	pages = {109164},
	author = {Caitlin I. Stoddard and Jared Galloway and Helen Y. Chu and Mackenzie M. Shipley and Kevin Sung and Hannah L. Itell and Caitlin R. Wolf and Jennifer K. Logue and Ariana Magedson and Meghan E. Garrett and Katharine H.D. Crawford and Uri Laserson and Frederick A. Matsen and Julie Overbaugh},
	title = {Epitope profiling reveals binding signatures of {SARS}-{CoV}-2 immune response in natural infection and cross-reactivity with endemic human {CoVs}},
	journal = {Cell Reports}
},
@article{Garrett_2021,	doi = {10.1016/j.cell.2021.04.045},
	note = {\url{https://doi.org/10.1016%2Fj.cell.2021.04.045}},
	year = 2021,	
    month = {may},
	publisher = {Elsevier {BV}},
	volume = {184},
	number = {11},
	pages = {2927--2938.e11},
	author = {Meghan E. Garrett and Jared Galloway and Helen Y. Chu and Hannah L. Itell and Caitlin I. Stoddard and Caitlin R. Wolf and Jennifer K. Logue and Dylan McDonald and Haidyn Weight and Frederick A. Matsen and Julie Overbaugh},
	title = {High-resolution profiling of pathways of escape for {SARS}-{CoV}-2 spike-binding antibodies},
	journal = {Cell}
},
@article{Adrion_2020_relernn,	
    doi = {10.1093/molbev/msaa038},
	note = {\url{https://doi.org/10.1093%2Fmolbev%2Fmsaa038}},
	year = 2020,	
    month = {feb},
	publisher = {Oxford University Press ({OUP})},
	volume = {37},
	number = {6},
	pages = {1790--1808},
	author = {Jeffrey R Adrion and Jared G Galloway and Andrew D Kern},
	editor = {Claus Wilke},
	title = {Predicting the Landscape of Recombination Using Deep Learning},
	journal = {Molecular Biology and Evolution}
},
@article{Galloway_2020,	
    doi = {10.1534/g3.119.400564},
	note = {\url{https://doi.org/10.1534%2Fg3.119.400564}},
	year = 2020,	
    month = {feb},
	publisher = {Oxford University Press ({OUP})},
	volume = {10},
	number = {2},
	pages = {505--514},
	author = {Jared Galloway and William A Cresko and Peter Ralph},
	title = {A Few Stickleback Suffice for the Transport of Alleles to New Lakes},
	journal = {G3 Genes$\vert$Genomes$\vert$Genetics}
},
@article{Haller_2019,	
    doi = {10.1111/1755-0998.12968},
	note = {\url{https://doi.org/10.1111%2F1755-0998.12968}},
	year = 2019,	
    month = {feb},
	publisher = {Wiley},
	volume = {19},
	number = {2},
	pages = {552--566},
	author = {Benjamin C. Haller and Jared Galloway and Jerome Kelleher and Philipp W. Messer and Peter L. Ralph},
	title = {Tree-sequence recording in {SLiM} opens new horizons for forward-time simulation of whole genomes},
	journal = {Molecular Ecology Resources}
}
